

@INPROCEEDINGS{affordance_templates, 
author={S. Hart and P. Dinh and K. Hambuchen}, 
booktitle={2015 IEEE International Conference on Robotics and Automation (ICRA)}, 
title={The {A}ffordance {T}emplate {ROS} package for robot task programming}, 
year={2015}, 
pages={6227-6234},
}
%
@INPROCEEDINGS{r2_diftler, 
author={M. A. Diftler and J. S. Mehling and M. E. Abdallah and N. A. Radford and L. B. Bridgwater and A. M. Sanders and R. S. Askew and D. M. Linn and J. D. Yamokoski and F. A. Permenter and B. K. Hargrave and R. Platt and R. T. Savely and R. O. Ambrose}, 
booktitle={2011 IEEE International Conference on Robotics and Automation}, 
title={Robonaut 2 - {T}he first humanoid robot in space}, 
year={2011}, 
pages={2178-2183}, 
keywords={aerospace robotics;dexterous manipulators;distributed control;humanoid robots;robust control;International Space Station;Robonaut philosophy;anthropomorphic robotic torso;astronauts;dexterous robot;humanoid robot;mechatronic design;robust distributed control;Actuators;Impedance;Joints;Robot sensing systems;Service robots}, 
doi={10.1109/ICRA.2011.5979830}, 
ISSN={1050-4729}, 
month={May},
}
%
@article {fukushima_robots,
author = {Nagatani, Keiji and Kiribayashi, Seiga and Okada, Yoshito and Otake, Kazuki and Yoshida, Kazuya and Tadokoro, Satoshi and Nishimura, Takeshi and Yoshida, Tomoaki and Koyanagi, Eiji and Fukushima, Mineo and Kawatsuma, Shinji},
title = {Emergency response to the nuclear accident at the {F}ukushima {D}aiichi {N}uclear {P}ower {P}lants using mobile rescue robots},
journal = {Journal of Field Robotics},
volume = {30},
number = {1},
issn = {1556-4967},
url = {http://dx.doi.org/10.1002/rob.21439},
doi = {10.1002/rob.21439},
pages = {44--63},
year = {2013},
}
%
@INPROCEEDINGS{r2_hand, 
author={L. B. Bridgwater and C. A. Ihrke and M. A. Diftler and M. E. Abdallah and N. A. Radford and J. M. Rogers and S. Yayathi and R. S. Askew and D. M. Linn}, 
booktitle={2012 IEEE International Conference on Robotics and Automation}, 
title={The {R}obonaut 2 hand - designed to do work with tools}, 
year={2012}, 
pages={3425-3430}, 
keywords={aerospace robotics;avionics;dexterous manipulators;end effectors;force control;force sensors;grippers;mechatronics;General Motors;NASA;Robonaut 2 hand;actuation;anthropomorphic design;avionics;component redistribution;dexterous device;end-effector;fingers;force control;force sensing;forearm;grasping;hand control feature;hand design;hand performance improvement;human hand;human interface;lower friction drive elements;mechanical-electrical integration;mechatronic device;palm;peak force;second generation Robonaut hand;Assembly;Bridges;Couplings;Weaving;Wrist}, 
doi={10.1109/ICRA.2012.6224772}, 
ISSN={1050-4729}, 
month={May},
}

@INPROCEEDINGS{hrp3, 
author={K. Kaneko and K. Harada and F. Kanehiro and G. Miyamori and K. Akachi}, 
booktitle={2008 IEEE/RSJ International Conference on Intelligent Robots and Systems}, 
title={Humanoid robot {HRP}-3}, 
year={2008}, 
pages={2471-2478}, 
keywords={humanoid robots;legged locomotion;manipulators;robot dynamics;HRP-3;Humanoid Robotics Platform-3;hand;humanoid robot;manipulation;mechanical features;wrist;Fingers;Gears;Grasping;Humanoid robots;Joints;Legged locomotion;Robots}, 
doi={10.1109/IROS.2008.4650604}, 
ISSN={2153-0858}, 
month={Sept},
}

@INPROCEEDINGS{DRL, 
author={M. Grebenstein and M. Chalon and G. Hirzinger and R. Siegwart}, 
booktitle={2010 10th IEEE-RAS International Conference on Humanoid Robots}, 
title={Antagonistically driven finger design for the anthropomorphic {DLR} {H}and {A}rm {S}ystem}, 
year={2010}, 
pages={609-616}, 
keywords={dexterous manipulators;elastic constants;friction;manipulator dynamics;manipulator kinematics;mechatronics;wear;antagonistic actuation;antagonistically driven finger design;anthropomorphic DLR hand arm system;friction minimization;human archetype;innovative grasping;integrated mechatronic system;manipulation strategy;tendon driven mechanisms;tendon routing;variable stiffness actuation;wear minimization;Electronics packaging;Fingers;Humans;Joints;Robots;Robustness;Tendons}, 
doi={10.1109/ICHR.2010.5686342}, 
ISSN={2164-0572}, 
month={Dec},}

@article {DRC_Yanco,
author = {Yanco, Holly A. and Norton, Adam and Ober, Willard and Shane, David and Skinner, Anna and Vice, Jack},
title = {Analysis of {H}uman-robot Interaction at the {DARPA} {R}obotics {C}hallenge {T}rials},
journal = {Journal of Field Robotics},
volume = {32},
number = {3},
issn = {1556-4967},
url = {http://dx.doi.org/10.1002/rob.21568},
doi = {10.1002/rob.21568},
pages = {420--444},
year = {2015},
}

@INPROCEEDINGS{softhand, 
author={C. Della Santina and G. Grioli and M. Catalano and A. Brando and A. Bicchi}, 
booktitle={2015 IEEE-RAS 15th International Conference on Humanoid Robots (Humanoids)}, 
title={Dexterity augmentation on a synergistic hand: The {P}isa/{IIT} {S}oft{H}and+}, 
year={2015}, 
pages={497-503}, 
keywords={dexterous manipulators;friction;humanoid robots;prototypes;Pisa/IIT SoftHand+;adaptive synergies;design paradigm;dexterity augmentation;friction phenomena;humanoid robotic hands;mechanical complexity;prototype validation;soft robotics;synergistic hand;under-actuated robot;Force;Friction;Grasping;Prototypes;Pulleys;Robots;Tendons}, 
doi={10.1109/HUMANOIDS.2015.7363595}, 
month={Nov},
}

@ARTICLE{Cutkosky, 
author={M. R. Cutkosky}, 
journal={IEEE Transactions on Robotics and Automation}, 
title={On grasp choice, grasp models, and the design of hands for manufacturing tasks}, 
year={1989}, 
volume={5}, 
number={3}, 
pages={269-279}, 
keywords={expert systems;industrial robots;batch manufacturing operation;expert system;grasp choice;grasp models;grasp taxonomy;grasp-quality measures;hand design;industrial robots;manipulation;robotic hands;Expert systems;Fixtures;Geometry;Humans;Laboratories;Machining;Robot sensing systems;Robotics and automation;Taxonomy;Virtual manufacturing}, 
doi={10.1109/70.34763}, 
ISSN={1042-296X}, 
month={Jun},}

@article {IHMC,
author = {Johnson, Matthew and Shrewsbury, Brandon and Bertrand, Sylvain and Wu, Tingfan and Duran, Daniel and Floyd, Marshall and Abeles, Peter and Stephen, Douglas and Mertins, Nathan and Lesman, Alex and Carff, John and Rifenburgh, William and Kaveti, Pushyami and Straatman, Wessel and Smith, Jesper and Griffioen, Maarten and Layton, Brooke and de Boer, Tomas and Koolen, Twan and Neuhaus, Peter and Pratt, Jerry},
title = {Team {IHMC}'s {L}essons {L}earned from the {DARPA} {R}obotics {C}hallenge {T}rials},
journal = {Journal of Field Robotics},
volume = {32},
number = {2},
issn = {1556-4967},
url = {http://dx.doi.org/10.1002/rob.21571},
doi = {10.1002/rob.21571},
pages = {192--208},
year = {2015},
}

@article{Santello,
  title={Postural hand synergies for tool use},
  author={Santello, Marco and Flanders, Martha and Soechting, John F},
  journal={Journal of Neuroscience},
  volume={18},
  number={23},
  pages={10105--10115},
  year={1998},
  publisher={Soc Neuroscience},
}

@article{bicchi_2011_modelling,
  title={Modelling natural and artificial hands with synergies},
  author={Bicchi, Antonio and Gabiccini, Marco and Santello, Marco},
  journal={Phil. Trans. R. Soc. B},
  volume={366},
  number={1581},
  pages={3153--3161},
  year={2011},
  publisher={The Royal Society}
}

@inproceedings{catalano_2012_adaptive,
  title={Adaptive synergies for a humanoid robot hand},
  author={Catalano, Manuel G and Grioli, Giorgio and Serio, Alessandro and Farnioli, Edoardo and Piazza, Cristina and Bicchi, Antonio},
  booktitle={Humanoid Robots (Humanoids), 2012 12th IEEE-RAS International Conference on},
  pages={7--14},
  year={2012},
  organization={IEEE}
}

@inproceedings{ciocarlie_2007_dexterous,
  title={Dexterous grasping via eigengrasps: A low-dimensional approach to a high-complexity problem},
  author={Ciocarlie, Matei and Goldfeder, Corey and Allen, Peter},
  booktitle={Robotics: Science and Systems Manipulation Workshop-Sensing and Adapting to the Real World},
  year={2007},
  organization={Citeseer}
}

@inproceedings{gabiccini_2012_grasp,
  title={Grasp and manipulation analysis for synergistic underactuated hands under general loading conditions},
  author={Gabiccini, Marco and Farnioli, Edoardo and Bicchi, Antonio},
  booktitle={Robotics and Automation (ICRA), 2012 IEEE International Conference on},
  pages={2836--2842},
  year={2012},
  organization={IEEE}
}

@incollection{neuro,
  title={Synergy {C}ontrol in {S}ubcortical {C}ircuitry: {I}nsights from {N}europhysiology},
  author={J{\"o}rntell, Henrik},
  booktitle={Human and Robot Hands},
  pages={61--68},
  year={2016},
  publisher={Springer}
}

@incollection{salvietti_2016_map,
  title={How to {M}ap {H}uman {H}and {S}ynergies onto {R}obotic {H}ands {U}sing the {S}ynGrasp {M}atlab {T}oolbox},
  author={Salvietti, Gionata and Gioioso, Guido and Malvezzi, Monica and Prattichizzo, Domenico},
  booktitle={Human and Robot Hands},
  pages={195--209},
  year={2016},
  publisher={Springer}
}

@INPROCEEDINGS{syngrasp,
author={M. Malvezzi and G. Gioioso and G. Salvietti and D. Prattichizzo and A. Bicchi},
booktitle={2013 IEEE International Conference on Robotics and Automation},
title={SynGrasp: A {MATLAB} toolbox for grasp analysis of human and robotic hands},
year={2013},
pages={1088-1093},
keywords={control engineering computing;manipulators;mathematics computing;robot kinematics;MATLAB toolbox;SynGrasp;actuator level;contact levels;controllable forces;grasp analysis;grasp quality measures;grasped object contact points;hand kinematic structure;hand modeling;human hands;joint level;manipulability analysis;object displacement;robotic hands;underactuated control;Cost function;Force;Grasping;Jacobian matrices;Joints;Kinematics;Robots},
doi={10.1109/ICRA.2013.6630708},
ISSN={1050-4729},
month={May},}

@inproceedings{power_grasp,
  title = {Power grasp planning for anthropomorphic robot hands},
  doi = {10.1109/ICRA.2012.6225068},
  abstract = {This paper presents an approach for computing power grasps for hands with kinematic structure similar to the human hand, which allows the implementation of strategies inspired in human grasping actions. The proposed method first samples the object surface to look for the best spots for creating an opposing grasp with two or three fingers, and then aligns the other fingers to match the local curvature of the object surface. Different grasp strategies are considered, depending on the relative size of the object with respect to the hand, and on the location of potential obstacles in the environment. Several application examples are provided with two different hand models.},
  eventtitle = {2012 {IEEE} International Conference on Robotics and Automation},
  pages = {563--569},
  booktitle = {2012 {IEEE} International Conference on Robotics and Automation},
  author = {Roa, M. A. and Argus, M. J. and Leidner, D. and Borst, C. and Hirzinger, G.},
  date = {2012-05},
  keywords = {anthropomorphic robot hands, Approximation methods, collision avoidance, computing power, Databases, Grasping, human grasping actions, Humans, kinematic structure, manipulator kinematics, object surface, Planning, potential obstacles, power grasp planning, Robots, Thumb},
  file = {IEEE Xplore Abstract Record:/home/lcfarrel/.zotero/zotero/z5of28h4.default/zotero/storage/6DKTZFZZ/6225068.html:text/html;IEEE Xplore Full Text PDF:/home/lcfarrel/.zotero/zotero/z5of28h4.default/zotero/storage/29TKEPFM/Roa et al. - 2012 - Power grasp planning for anthropomorphic robot han.pdf:application/pdf}
}

@article{bicchi,
  title = {On the {C}losure {P}roperties of {R}obotic {G}rasping},
  volume = {14},
  issn = {0278-3649},
  url = {http://dx.doi.org/10.1177/027836499501400402},
  doi = {10.1177/027836499501400402},
  abstract = {The form-closure and force-closure properties of robotic grasp ing are investigated. Loosely speaking, these properties are related to the capability of the robot to inhibit motions of the workpiece in spite of externally applied forces. In this article, form-closure is considered as a purely geometric property of a set of unilateral (contact) constraints, such as those applied on a workpiece by a mechanical fixture, while force-closure is related to the capability of the particular robotic device being considered to apply forces through contacts. The concepts of partial form- and force-closure properties are introduced and discussed, and an algorithm is proposed to obtain a synthetic geometric description of partial form-closure constraints. Al though the literature abounds with form-closure tests, proposed algorithms for testing force-closure are either approximate or computationally expensive. This article proves the equiva lence of force-closure analysis with the study of the equilibria of an ordinary differential equation, to which Lyapunov's di rect method is applied. This observation leads to an efficient algorithm for assessing the force-closure property of the grasp.},
  pages = {319--334},
  number = {4},
  journaltitle = {The International Journal of Robotics Research},
  shortjournal = {The Int'l Journal of Robotics Research},
  author = {Bicchi, Antonio},
  date = {1995-08-01},
  langid = {english},
  file = {SAGE PDF Full Text:/home/lcfarrel/.zotero/zotero/z5of28h4.default/zotero/storage/BMMB958Z/Bicchi - 1995 - On the Closure Properties of Robotic Grasping.pdf:application/pdf}
}

@ARTICLE{garcia, 
author={N. García and R. Suárez and J. Rosell}, 
journal={IEEE Transactions on Robotics}, 
title={Task-{D}ependent {S}ynergies for {M}otion {P}lanning of an {A}nthropomorphic {D}ual-{A}rm {S}ystem}, 
year={2017}, 
volume={33}, 
number={3}, 
pages={756-764}, 
keywords={Complexity theory;Correlation;Indexes;Manipulators;Planning;Principal component analysis;Dimensionality reduction;humanoid robots;path planning for manipulators;synergies}, 
doi={10.1109/TRO.2017.2676131}, 
ISSN={1552-3098}, 
month={June},
}